@article {Fall,
author = {Hirt, Christian and Claessens, Sten and Fecher, Thomas and Kuhn, Michael and Pail, Roland and Rexer, Moritz},
title = {New ultrahigh-resolution picture of Earth's gravity field},
journal = {Geophysical Research Letters},
volume = {40},
number = {16},
issn = {1944-8007},
url = {http://dx.doi.org/10.1002/grl.50838},
doi = {10.1002/grl.50838},
pages = {4279--4283},
keywords = {Standards and absolute measurements, Gravity anomalies and Earth structure, Geopotential theory and determination, Earth's gravity field, gravity, quasi-geoid, vertical deflections, ultrahigh resolution},
year = {2013},
}


