@BOOK{Taschenbuch,
AUTHOR    = {Horst Kuchling}, 
TITLE     = {Taschenbuch der Physik},
PUBLISHER = {Carl Hanser},
YEAR      = {2011},
}

@BOOK{Huette,
AUTHOR    = {Horst Czichos and Manfred Hennecke }, 
TITLE     = {HÃ¼tte: Das Ingenieurwissen.},
PUBLISHER = {Springer},
YEAR      = {2004},
}