@online{WWU,
  title = {Elektrische Resonanz},
  author = {WWU MÃ¼nster},
  url = {https://sso.uni-muenster.de/LearnWeb/learnweb2/mod/resource/view.php?id=883523},
  urldate = {2018-01-23},
}
