@online{Roehren,
  title = {Franck-Hertz-Versuch Einführung},
  author = {WWU Münster},
  url = {https://sso.uni-muenster.de/LearnWeb/learnweb2/pluginfile.php/1334783/mod_resource/content/1/Franck-Hertz-Versuch_Einf.pdf},
  urldate = {2018-05-04},
}

@online{FH-Pforzheim,
  title = {Infoblatt Digitalmultimeter},
  author = {FH-Pforzheim},
  url = {http://eitidaten.fh-pforzheim.de/daten/labore/ellt/unterlagen_webseite/von_becker/Infoblatt_DigMM.pdf},
  urldate = {2018-05-05},
}

@online{DIN,
  title = {DIN-Toleranzen für Thermopaare und Termoleitungen},
  author = {R. Hörnemann GmbH},
  url = {http://www.hoernemann-rh.de/technik_details.asp?technikid=3},
  urldate = {2018-05-05},
}
