@online{aufbau_reflexion,
  title = {[SoSe] O3 - Polarisation},
  author = {WWU Münster},
  url = {https://sso.uni-muenster.de/LearnWeb/learnweb2/course/view.php?id=28561&section=21},
  urldate = {2018-06-24},
}

@book{quarz_brech,
   author = {Thomas Jüstel and Sebastian Schwung},
   year = {2016},
   title = {Leuchtstoffe, Lichtquellen, Laser, Lumineszenz},
   publisher = {Springer-Verlag, Berlin},
   address = {Heidelberg},
   isbn = {978-3-662-48455-5},
   pages={207}
}