@online{TUM,
  title = {Millikan Versuch},
  author = {Physikdepartment der Technischen Universität München},
  url = {https://www.av.ph.tum.de/Experiment/2000/Beschreibungen/ver2020.php},
  urldate = {2018-01-15},
}

@online{Elementarladung,
  title = {Elementarladung},
  author = {Fundamental Physical Constants des NIST},
  url = {https://physics.nist.gov/cgi-bin/cuu/Value?e},
  urldate = {2018-01-15},
}
