@online{PVC-Brech,
  title = {Polyvinylchlorid - unplastifiziert (UPVC) Materialinformationen},
  author = {Goodfellow GmbH},
  url = {http://www.goodfellow.com/G/Polyvinylchlorid-unplastifiziert.html},
  urldate = {2018-06-17},
}
