@online{Testchart,
  title = {O6 - Optische Abbildungen und digitale Kamera},
  author = {WWU Münster},
  url = {https://sso.uni-muenster.de/LearnWeb/learnweb2/course/view.php?id=28561&section=24},
  urldate = {2018-07-14},
}