@online{optischeBank,
  title = {Darstellung der optischen Bank},
  author = {WWU Münster},
  url = {https://sso.uni-muenster.de/LearnWeb/learnweb2/pluginfile.php/1334737/mod_label/intro/Aufbau%20mit%20Computer.png},
  urldate = {2018-04-25},
}
