@online{Einfuehrung,
  title = {Absorption von $\beta$- und $\gamma$-Strahlung Einführung},
  author = {WWU Münster},
  url = {https://sso.uni-muenster.de/LearnWeb/learnweb2/pluginfile.php/1334795/mod_resource/content/1/Absorption_von_Beta-und_Gamma-Strahlung_Einf.pdf},
  urldate = {2018-05-13},
}


@online{NIST,
  title = {NIST Reference on Constants, Units and Uncertainty},
  author = {NIST},
  url = {https://physics.nist.gov/cuu/index.html},
  urldate = {2018-05-13},
}


@online{absorption_blei,
  title = {Tables of X-Ray Mass Attenuation Coefficients and Mass Energy-Absorption Coefficients from 1 keV to 20 MeV for Elements Z = 1 to 92 and 48 Additional Substances of Dosimetric Interest*},
  author = {J. H. Hubbell and S. M. Seltzer},
  url = {https://www.nist.gov/pml/x-ray-mass-attenuation-coefficients},
  urldate = {2018-05-13},
}
