@online{flintglasref,
  title = {Lichtbrechung},
  author = {Universität Wien},
  url = {https://www.univie.ac.at/mikroskopie/1_grundlagen/optik/strahlenoptik/2_lichtbrechung.htm},
  urldate = {2018-06-10},
}
