@online{WWU,
  title = {Kennlinien},
  author = {WWU MÃ¼nster},
  url = {https://sso.uni-muenster.de/LearnWeb/learnweb2/mod/resource/view.php?id=883545},
  urldate = {2018-01-30},
}
