@online{abbildungen,
  title = {Adiabatenexponent von Gasen Einführung},
  author = {WWU Münster},
  url = {https://sso.uni-muenster.de/LearnWeb/learnweb2/pluginfile.php/1334774/mod_resource/content/1/Adiabatenexponent_von_Gasen_Einf.pdf},
  urldate = {2018-06-03},
}
