@online{NatriumDoppel,
  title = {Die Natrium-Doppellinie},
  author = {Mira Prior},
  url = {https://lp.uni-goettingen.de/get/text/1629},
  urldate = {2018-07-08},
}
